<record><leader>00000cas a22000007a 4500</leader><controlfield tag="001">28031710</controlfield><controlfield tag="008">930503d190119uuiludr ne      0    0yid d</controlfield><datafield ind1=" " ind2=" " tag="010"><subfield code="a">sn 93062922 </subfield></datafield><datafield ind1=" " ind2=" " tag="040"><subfield code="a">YOX</subfield><subfield code="b">eng</subfield><subfield code="c">YOX</subfield><subfield code="d">OCLCQ</subfield><subfield code="d">OCLCF</subfield><subfield code="d">OCLCO</subfield></datafield><datafield ind1="1" ind2=" " tag="029"><subfield code="a">AU@</subfield><subfield code="b">000020734611</subfield></datafield><datafield ind1=" " ind2=" " tag="042"><subfield code="a">msc</subfield></datafield><datafield ind1=" " ind2=" " tag="043"><subfield code="a">n-us-il</subfield></datafield><datafield ind1="0" ind2="4" tag="245"><subfield code="a">Der T&#803;eglikher Yidisher k&#803;ol.</subfield></datafield><datafield ind1="3" ind2="0" tag="246"><subfield code="a">Sunday Jewish call</subfield></datafield><datafield ind1="3" ind2="1" tag="246"><subfield code="a">Daily Jewish call</subfield></datafield><datafield ind1="1" ind2="7" tag="246"><subfield code="a">Jewish call</subfield></datafield><datafield ind1=" " ind2=" " tag="260"><subfield code="a">[Chicago, Ill.] :</subfield><subfield code="b">Jewish Call Pub. Ass'n.</subfield></datafield><datafield ind1=" " ind2=" " tag="300"><subfield code="a">v.</subfield></datafield><datafield ind1=" " ind2=" " tag="310"><subfield code="a">Weekly</subfield></datafield><datafield ind1="0" ind2=" " tag="362"><subfield code="a">Vol. 1, no. 1 (Feb. 10, 1901)-</subfield></datafield><datafield ind1=" " ind2=" " tag="500"><subfield code="a">Sunday edition has a distinct title in English: Sunday Jewish call.</subfield></datafield><datafield ind1=" " ind2=" " tag="500"><subfield code="a">Daily edition has a parallel title: The Daily Jewish call.</subfield></datafield><datafield ind1=" " ind2=" " tag="500"><subfield code="a">Editor: Leon Zolotkoff.</subfield></datafield><datafield ind1=" " ind2=" " tag="515"><subfield code="a">Beginning with May 5, 1901 issue Sunday edition has separate volume and issue numbering.</subfield></datafield><datafield ind1=" " ind2=" " tag="546"><subfield code="a">In Yiddish.</subfield></datafield><datafield ind1=" " ind2="0" tag="650"><subfield code="a">Jewish newspapers</subfield><subfield code="z">Illinois.</subfield></datafield><datafield ind1=" " ind2="4" tag="651"><subfield code="a">Chicago (Ill.)</subfield><subfield code="v">Newspapers.</subfield></datafield><datafield ind1=" " ind2="7" tag="650"><subfield code="a">Jewish newspapers.</subfield><subfield code="2">fast</subfield><subfield code="0">(OCoLC)fst00982872</subfield></datafield><datafield ind1=" " ind2="7" tag="651"><subfield code="a">Illinois.</subfield><subfield code="2">fast</subfield><subfield code="0">(OCoLC)fst01205143</subfield></datafield><datafield ind1=" " ind2=" " tag="752"><subfield code="a">United States</subfield><subfield code="b">Illinois</subfield><subfield code="c">Cook</subfield><subfield code="d">Chicago.</subfield></datafield></record>